@article{zhang2019,
    title = {Proteomics Is Not an Island: Multi-omics Integration Is the Key to Understanding Biological Systems},
    journal = {Molecular \& Cellular Proteomics},
    year = {2019},
    url = {https://www.mcponline.org/article/S1535-9476(20)32756-0/pdf},
    author = {Zhang, B. and Kuster, B.},
}
@article{merelli2014,
    title     = {High-Performance Computing and Big Data in Omics-Based Medicine},
    journal   = {BioMed Research International},
    year      = {2014},
    url       = {https://downloads.hindawi.com/journals/bmri/2014/825649.pdf},
    author    = {Merelli, I. and Pérez-Sánchez, H. and Gesing, S. and D'Agostino, D.},
}

@article{wu2014,
    title ="Biomolecular Networks and Human Diseases",
    journal = "BioMed Research International, ",
    year ="2014",
    url ="https://downloads.hindawi.com/journals/bmri/2014/363717.pdf",
    author = {Wu, F. and Chen, L. and Wang, J. and Alhajj, R.},
}
@article{sadeghi2022,
      title     = {DDIPred: Graph Convolutional Network-Based Drug-drug Interactions Prediction Using Drug Chemical Structure Embedding},
      journal   = {IEEE International Conference on Computational Intelligence in Bioinformatics and Computational Biology (CIBCB)},
      year      = {2022},
      url       = {https://dx.doi.org/10.1109/CIBCB55180.2022.9863018},
      author    = {Sadeghi, Seyedeh Shaghayegh and Ngom, A.},
}

@article{ding2021,
      title     = {Abstract 237: Inferring spatial organization of tumor microenvironment from single-cell RNA sequencing data using graph embedding},
      journal   = {Cancer Research},
      year      = {2021},
      url       = {https://dx.doi.org/10.1158/1538-7445.AM2021-237},
      author    = {Ding, Liang and others},
}

@article{ashoor2020,
      title     = {Graph embedding and unsupervised learning predict genomic sub-compartments from HiC chromatin interaction data},
      journal   = {Nature Communications},
      year      = {2020},
      url       = {https://dx.doi.org/10.1038/s41467-020-14974-x},
      author    = {Ashoor, Haitham and others},
}
@article{Jia2018,
    title = "Pancreatic Cancer Mortality in China: Characteristics and Prediction",
    journal = "BioMed Research International",
    year = "2018",
    url = "https://dx.doi.org/10.1097/MPA.0000000000000976",
    author = "Xiaoyue Jia and Pei-Ling Du and Ku-sheng Wu and Zhen-Xi Xu and J. Fang and Xiao-ling Xu and Kun Lin",
}

@article{Kim2017,
    title = "Sigma1 Pharmacology in the Context of Cancer",
    journal = "Handbook of Experimental Pharmacology",
    year = "2017",
    url = "https://dx.doi.org/10.1007/164_2017_38",
    author = "F. Kim and Christina M. Maher",
}

@article{Oyer2023,
    title = "Abstract 284: Sigma1 regulates lipid droplet mediated redox homeostasis required for prostate cancer proliferation",
    journal = "Cancer Research",
    year = "2023",
    url = "https://dx.doi.org/10.1158/1538-7445.am2023-284",
    author = "Halley M. Oyer and Alexandra R. Steck and others",
}
@article{Pasquier2023,
title = {A network embedding approach to identify active modules in biological interaction networks},
journal = {Life Science Alliance},
year = {2023},
month = {June},
url = {https://www.life-science-alliance.org/content/6/9/e202201550},
author = {Claude Pasquier and Vincent Guerlais and Denis Pallez and Raphael Rapetti-Mauss and Olivier Soriani},
}
@article{Huang2017,
      title     = {More Is Better: Recent Progress in Multi-Omics Data Integration Methods},
      journal   = {Frontiers in Genetics},
      year      = {2017},
      url       = {https://www.frontiersin.org/articles/10.3389/fgene.2017.00084/pdf},
      author    = {Huang, Sijia and Chaudhary, Kumardeep and Garmire, Lana},
}

@article{Vahabi2022,
      title     = {Unsupervised Multi-Omics Data Integration Methods: A Comprehensive Review},
      journal   = {Frontiers in Genetics},
      year      = {2022},
      url       = {https://www.frontiersin.org/articles/10.3389/fgene.2022.854752/pdf},
      author    = {Vahabi, Nasim and Michailidis, G.},
}

@article{Duan2021,
      title     = {Evaluation and comparison of multi-omics data integration methods for cancer subtyping},
      journal   = {PLOS Computational Biology},
      year      = {2021},
      url       = {https://journals.plos.org/ploscompbiol/article/file?id=10.1371/journal.pcbi.1009224&type=printable},
      author    = {Duan, R. and Gao, Lin and Gao, Yong and Hu, Yuxuan and Xu, Han and Huang, Mingfeng and Song, Kuo and Wang, Hongda and Dong, Yongqiang and Jiang, Chaoqun and Zhang, Chenxing and Jia, Songwei},
}

@article{btad353,
      title     = {Graph embedding techniques for multi-omics data integration},
      journal   = {Briefings in Bioinformatics},
      year      = {2022},
      url       = {https://academic.oup.com/bib/advance-article/doi/10.1093/bib/btab353/6514862},
      author    = {Nguyen, T. and Tagett, R. and Diaz, D. and Draghici, S.},
}

@article{CaoGao2022,
      title     = {Multi-omics single-cell data integration and regulatory inference with graph-linked embedding},
      journal   = {Nature Biotechnology},
      year      = {2022},
      url       = {https://www.nature.com/articles/s41587-022-01284-4},
      author    = {Cao, Zhi-Jie and Gao, Ge},
}

@article{Wekesa2023,
      title     = {A review of multi-omics data integration through deep learning approaches for disease diagnosis, prognosis, and treatment},
      journal   = {Frontiers in Genetics},
      year      = {2023},
      url       = {https://doi.org/10.3389/fgene.2023.1199087},
      author    = {Wekesa, Jael Sanyanda and Kimwele, Michael},
}
